@book{Fangzhenping2005,
  title={航空飞行器飞行动力学},
  author={方振平},
  publisher={北京航空航天大学出版社},
  year={2005},
}
@inproceedings{Park_2004,
	doi = {10.2514/6.2004-4900},
	url = {https://doi.org/10.2514%2F6.2004-4900},
	year = 2004,
	month = {aug},
	publisher = {American Institute of Aeronautics and Astronautics},
	author = {Sanghyuk Park and John Deyst and Jonathan How},
	title = {A New Nonlinear Guidance Logic for Trajectory Tracking},
	booktitle = {{AIAA} Guidance, Navigation, and Control Conference and Exhibit}
}
@article{Zhang2017Aerodynamics,
  title={Aerodynamics Modeling and Analysis of Close Formation Flight},
  author={Zhang, Qingrui and Liu, Hugh H. T},
  journal={Journal of Aircraft},
  volume={54},
  number={6},
  pages={2192-2204},
  year={2017},
}
